% This file was created with JabRef 2.7b.
% Encoding: UTF-8

@MISC{odegaard2003financial,
  author = {{\O}degaard, Bernt Arne},
  title = {Financial Numerical Recipes in C++.},
  year = {2003},
  owner = {aheinle},
  timestamp = {2013.03.30}
}

@BOOK{ammann2008introduction,
  title = {Introduction to software testing},
  publisher = {Cambridge University Press},
  year = {2008},
  author = {Ammann, Paul and Offutt, Jeff},
  owner = {aheinle},
  timestamp = {2013.03.30}
}

@INPROCEEDINGS{barrett2011cvc4,
  author = {Barrett, Clark and Conway, Christopher and Deters, Morgan and Hadarean,
	Liana and Jovanovi{\'c}, Dejan and King, Tim and Reynolds, Andrew
	and Tinelli, Cesare},
  title = {Cvc4},
  booktitle = {Computer Aided Verification},
  year = {2011},
  pages = {171--177},
  organization = {Springer},
  date-added = {2013-03-14 12:57:29 -0400},
  date-modified = {2013-03-14 12:57:29 -0400}
}

@INPROCEEDINGS{barrett2010smt,
  author = {C. Barrett and A. Stump and C. Tinelli},
  title = {The smt-lib standard: Version 2.0},
  booktitle = {Proceedings of the 8th International Workshop on Satisfiability Modulo
	Theories (Edinburgh, England)},
  year = {2010},
  volume = {13},
  date-added = {2013-03-07 11:51:34 -0500},
  date-modified = {2013-03-07 11:53:40 -0500}
}

@ARTICLE{bobotalt,
  author = {Bobot, Fran{\c{c}}ois and Conchon, Sylvain and Contejean, {\'E}velyne
	and Iguernelala, Mohamed and Lescuyer, St{\'e}phane and Mebsout,
	Alain},
  title = {The Alt-Ergo automated theorem prover, 2008},
  journal = {URL http://alt-ergo. lri. fr},
  date-added = {2013-03-14 12:53:34 -0400},
  date-modified = {2013-03-14 12:53:34 -0400}
}

@ARTICLE{buchberger1970algorithmisches,
  author = {Buchberger, Bruno},
  title = {Ein algorithmisches Kriterium f{\"u}r die L{\"o}sbarkeit eines algebraischen
	Gleichungssystems},
  journal = {Aequationes mathematicae},
  year = {1970},
  volume = {4},
  pages = {374--383},
  number = {3},
  date-added = {2013-03-07 12:45:49 -0500},
  date-modified = {2013-03-07 12:45:49 -0500},
  publisher = {Springer}
}

@UNPUBLISHED{CREST,
  author = {J. Burnim},
  title = {Automatic Test Generation Tool for C},
  year = {2011},
  bdsk-url-1 = {https://code.google.com/p/crest/},
  date-added = {2013-03-07 09:28:44 -0500},
  date-modified = {2013-03-07 10:13:39 -0500},
  url = {https://code.google.com/p/crest/}
}

@ARTICLE{cadar2008exe,
  author = {Cadar, Cristian and Ganesh, Vijay and Pawlowski, Peter M and Dill,
	David L and Engler, Dawson R},
  title = {EXE: automatically generating inputs of death},
  journal = {ACM Transactions on Information and System Security (TISSEC)},
  year = {2008},
  volume = {12},
  pages = {10},
  number = {2},
  date-added = {2013-03-18 12:51:16 -0400},
  date-modified = {2013-03-18 12:51:16 -0400},
  publisher = {ACM}
}

@ARTICLE{davis1984hilbert,
  author = {Davis, Martin and Hersh, Reuben},
  title = {Hilbert's 10th Problem},
  journal = {Mathematics: people, problems, results},
  year = {1984},
  volume = {2},
  pages = {136},
  date-added = {2013-03-07 12:33:19 -0500},
  date-modified = {2013-03-07 12:33:19 -0500},
  publisher = {Taylor \& Francis US}
}

@ARTICLE{de2008z3,
  author = {De Moura, Leonardo and Bj{\o}rner, Nikolaj},
  title = {Z3: An efficient SMT solver},
  journal = {Tools and Algorithms for the Construction and Analysis of Systems},
  year = {2008},
  pages = {337--340},
  date-added = {2013-03-07 11:35:39 -0500},
  date-modified = {2013-03-07 11:35:39 -0500},
  publisher = {Springer}
}

@ARTICLE{Singular:2012,
  author = {Decker, W. and Greuel, G.-M. and Pfister, G. and Sch{\"o}nemann,
	H.},
  title = {{\sc Singular} {3-1-6} --- {A} computer algebra system for polynomial
	computations},
  year = {2012},
  note = {http://www.singular.uni-kl.de},
  date-added = {2013-03-14 11:40:41 -0400},
  date-modified = {2013-03-14 11:40:41 -0400}
}

@ARTICLE{dutertre2006yices,
  author = {Dutertre, Bruno and De Moura, Leonardo},
  title = {The yices smt solver},
  journal = {Tool paper at http://yices. csl. sri. com/tool-paper. pdf},
  year = {2006},
  volume = {2},
  pages = {2},
  date-added = {2013-03-14 13:01:39 -0400},
  date-modified = {2013-03-14 13:01:39 -0400},
  publisher = {Citeseer}
}

@BOOK{glassner1989introduction,
  title = {An introduction to ray tracing},
  publisher = {Morgan Kaufmann Pub},
  year = {1989},
  author = {Glassner, Andrew S},
  owner = {aheinle},
  timestamp = {2013.03.30}
}

@INPROCEEDINGS{godefroid2005dart,
  author = {Godefroid, Patrice and Klarlund, Nils and Sen, Koushik},
  title = {DART: directed automated random testing},
  booktitle = {ACM Sigplan Notices},
  year = {2005},
  volume = {40},
  number = {6},
  pages = {213--223},
  organization = {ACM},
  date-added = {2013-03-18 11:06:12 -0400},
  date-modified = {2013-03-18 11:06:12 -0400}
}

@ARTICLE{harrold2010siemens,
  author = {Harrold, Mary Jean and Rothermel, Gregg},
  title = {Siemens programs, HR variants},
  journal = {URL: http://www. cc. gatech. edu/aristotle/Tools/subjects},
  year = {2010},
  date-added = {2013-03-19 13:21:16 -0400},
  date-modified = {2013-03-19 13:21:16 -0400}
}

@ARTICLE{matiyasevich1970enumerable,
  author = {Matiyasevich, Yuri V},
  title = {Enumerable sets are diophantine},
  journal = {Doklady Akademii Nauk SSSR},
  year = {1970},
  volume = {191},
  pages = {279--282},
  number = {2},
  date-added = {2013-03-07 12:37:15 -0500},
  date-modified = {2013-03-07 12:37:15 -0500}
}

@ELECTRONIC{maxima,
  author = {Maxima},
  year = {2011},
  title = {Maxima, a Computer Algebra System. Version 5.25.1},
  address = {http://maxima.sourceforge.net/},
  url = {http://maxima.sourceforge.net/},
  bdsk-url-1 = {http://maxima.sourceforge.net/},
  date-added = {2013-03-14 12:29:04 -0400},
  date-modified = {2013-03-14 12:29:04 -0400},
  owner = {maxima},
  timestamp = {2011.08.28}
}

@ARTICLE{mayr1982complexity,
  author = {Mayr, Ernst W and Meyer, Albert R},
  title = {The complexity of the word problems for commutative semigroups and
	polynomial ideals},
  journal = {Advances in mathematics},
  year = {1982},
  volume = {46},
  pages = {305--329},
  number = {3},
  date-added = {2013-03-07 12:52:08 -0500},
  date-modified = {2013-03-07 12:52:08 -0500},
  publisher = {Elsevier}
}

@BOOK{Maple,
  title = {Maple Introductory Programming Guide},
  publisher = {Maplesoft},
  year = {2008},
  author = {M. B.~Monagan and K. O.~Geddes and K.~M. Heal and G. Labahn and S.
	M.~Vorkoetter and J. McCarron and P. DeMarco},
  address = {Waterloo ON, Canada},
  annote = {In acknowledging any {Maple} work, a statement similar to the following
	should be used. (Changes with respect to the exact use of {Maple}
	are expected.) ``The computations in this paper were performed by
	using Maple${}^\mathrm{TM}$."},
  date-added = {2013-03-14 12:22:43 -0400},
  date-modified = {2013-03-14 12:22:43 -0400}
}

@INPROCEEDINGS{necula2002cil,
  author = {Necula, George and McPeak, Scott and Rahul, Shree and Weimer, Westley},
  title = {CIL: Intermediate language and tools for analysis and transformation
	of C programs},
  booktitle = {Compiler Construction},
  year = {2002},
  pages = {209--265},
  organization = {Springer},
  date-added = {2013-03-18 14:10:59 -0400},
  date-modified = {2013-03-18 14:10:59 -0400}
}

@BOOK{oualline2001vi,
  title = {Vi iMproved},
  publisher = {New Riders Publishing},
  year = {2001},
  author = {Oualline, Steven},
  date-added = {2013-03-19 13:18:23 -0400},
  date-modified = {2013-03-19 13:18:23 -0400}
}

@ARTICLE{plimpton2007lammps,
  author = {Plimpton, S and others},
  title = {LAMMPS-large-scale atomic/molecular massively parallel simulator},
  journal = {Sandia National Laboratories},
  year = {2007},
  owner = {aheinle},
  timestamp = {2013.03.30}
}

@INPROCEEDINGS{rummer2010smt,
  author = {R{\"u}mmer, Philipp and Wahl, Thomas},
  title = {An SMT-LIB theory of binary floating-point arithmetic},
  booktitle = {International Workshop on Satisfiability Modulo Theories (SMT)},
  year = {2010},
  date-added = {2013-03-28 13:48:52 -0400},
  date-modified = {2013-03-28 13:48:52 -0400}
}

@BOOK{sen2005cute,
  title = {CUTE: a concolic unit testing engine for C},
  publisher = {ACM},
  year = {2005},
  author = {Sen, Koushik and Marinov, Darko and Agha, Gul},
  volume = {30},
  number = {5},
  date-added = {2013-03-18 11:13:42 -0400},
  date-modified = {2013-03-18 11:13:42 -0400}
}

@MANUAL{sage,
  title = {{S}age {M}athematics {S}oftware ({V}ersion 5.7.)},
  author = {W.\thinspace{}A. Stein and others},
  organization = {The Sage Development Team},
  year = {2013},
  note = {{\tt http://www.sagemath.org}},
  date-added = {2013-03-14 12:27:59 -0400},
  date-modified = {2013-03-14 12:27:59 -0400},
  key = {Sage}
}

@ARTICLE{williams2005pathcrawler,
  author = {Williams, Nicky and Marre, Bruno and Mouy, Patricia and Roger, Muriel},
  title = {Pathcrawler: Automatic generation of path tests by combining static
	and dynamic analysis},
  journal = {Dependable Computing-EDCC 5},
  year = {2005},
  pages = {281--292},
  date-added = {2013-03-18 12:51:55 -0400},
  date-modified = {2013-03-18 12:51:55 -0400},
  publisher = {Springer}
}

@BOOK{wolfram1999mathematica,
  title = {The MATHEMATICA{\textregistered} Book, Version 4},
  publisher = {Cambridge university press},
  year = {1999},
  author = {Wolfram, Stephen},
  date-added = {2013-03-14 12:37:44 -0400},
  date-modified = {2013-03-14 12:37:44 -0400}
}

@UNPUBLISHED{CRESTZ3,
  author = {H. Yun},
  title = {Non-linear Arithmetic Support for CREST},
  year = {2012},
  date-added = {2013-03-07 10:14:56 -0500},
  date-modified = {2013-03-07 10:18:21 -0500}
}

@MANUAL{GAP4,
  title = {{GAP -- Groups, Algorithms, and Programming, Version 4.6.3}},
  organization = {The GAP~Group},
  year = {2013},
  bdsk-url-1 = {%5Cverb+(http://www.gap-system.org)+},
  date-added = {2013-03-28 09:31:34 -0400},
  date-modified = {2013-03-28 09:31:34 -0400},
  key = {GAP},
  url = {\verb+(http://www.gap-system.org)+}
}

