% This file was created with JabRef 2.7b.
% Encoding: UTF-8

@ARTICLE{avl_tree,
  author = {Adelson-Velskii, G.; E. M. Landis},
  title = {An algorithm for the organization of information},
  journal = {Proceedings of the USSR Academy of Sciences},
  year = {1962},
  volume = {146},
  pages = {263–266},
  owner = {mike},
  timestamp = {2013.04.15}
}

@ARTICLE{jump_list,
  author = {Hervé Brönnimann, Frédéric Cazals, Marianne Durand},
  title = {Randomized Jumplists: A Jump-and-Walk Dictionary Data Structure},
  journal = {Lecture Notes in Computer Science},
  year = {2003},
  volume = {2607},
  pages = {283-294},
  owner = {mike},
  timestamp = {2013.04.15}
}

@ARTICLE{red_black_trees,
  author = {Leo J. Guibas, Robert Sedgewick},
  title = {A dichromatic framework for balanced trees},
  journal = {19th Annual Symposium on Foundations of Computer Science (FOCS 1978)},
  year = {1978},
  pages = {8-21},
  owner = {mike},
  timestamp = {2013.04.15}
}

@ARTICLE{skip_net,
  author = {Nicholas J.A. Harvey, John Dunagan, Michael B. Jones, Stefan Saroiu,
	Marvin Theimer, and Alec Wolman},
  title = {SkipNet: A Scalable Overlay Network with Practical Locality Properties},
  journal = {Microsoft Research},
  year = {December 2002},
  volume = {MSR-TR-2002-92},
  owner = {mike},
  timestamp = {2013.04.15}
}

@ARTICLE{skip_lift,
  author = {Prosenjit Bose, Karim Douïeb, and Pat Morin},
  title = {Skip Lifts: A Probabilistic Alternative to Red-Black Trees},
  journal = {Combinatorial Algorithms: Lecture Notes in Computer Science},
  year = {2011},
  volume = {Volume 6460},
  pages = {226-237},
  owner = {mike},
  timestamp = {2013.04.15}
}

@ARTICLE{skip_list,
  author = {William Pugh},
  title = {Skip Lists: A Probabilistic Alternative to Balanced Trees},
  journal = {Communications of the ACM},
  year = {June 1990},
  volume = {33 Issue 6},
  pages = {668-676},
  owner = {mike},
  timestamp = {2013.04.15}
}

@comment{jabref-meta: selector_publisher:}

@comment{jabref-meta: selector_author:}

@comment{jabref-meta: selector_journal:}

@comment{jabref-meta: selector_keywords:}

